
@article{Ritchie2015,
   Author = {Ritchie, Marylyn D. and Holzinger, Emily R. and Li, Ruowang and Pendergrass, Sarah A. and Kim, Dokyoon},
   Journal = {Nature Reviews Genetics},
   Month = {01},
   Title = {Methods of integrating data to uncover genotype--phenotype interactions},
   Volume = {16},
   Year = {2015}
}


@article{Hotelling1933,
  title    = "Analysis of a complex of statistical variables into principal components",
  author   = "Hotelling, H.",
  journal  = "Journal of Educational Psychology",
  volume   =  24,
  number   =  6,
  pages    = "417-441",
  year     =  1933
}

@article{Ringner2008,
  title     = "What is principal component analysis?",
  author    = "Ringner, Markus",
  journal   = "Nat. Biotechnol.",
  publisher = "Nature Publishing Group",
  volume    =  26,
  pages     = "303",
  year      =  2008
}